@book{Kobayashi2005Lie,
  title={リー群と表現論},
  author={小林俊行 and 大島利雄},
  publisher={岩波書店},
  year={2005}
},

@book{Satake1987LieAlg,
  title={リー環の話},
  author={佐武一郎},
  publisher      = {日本評論社},
  year={1987}
},

@book{Nomura2018spherical,
  title={球面調和函数と群の表現},
  author={野村隆昭},
  publisher      = {日本評論社},
  year={2018}
},

@book{Tamura1971topogroup,
  title={群と位相},
  author={横田一郎},
  publisher      = {裳華房},
  year={1971}
},

@book{Tamura1973grouprep,
  title={群と表現},
  author={横田一郎},
  publisher      = {裳華房},
  year={1973}
},

@book{Jimbo1990quantumgroup,
  title={量子群とヤン・バクスター方程式},
  author={神保道夫},
  publisher = {丸善出版},
  year={1990}
},

@book{Georgi2000lie,
  title={Lie algebras in particle physics: from isospin to unified theories},
  author={Georgi, Howard},
  year={2000},
  publisher={Taylor \& Francis}
},

@book{Humphreys1972introduction,
  title={Introduction to Lie algebras and representation theory},
  author={Humphreys, James E},
  year={1972},
  publisher={Springer}
},

@book{Etingof2011introduction,
  title={Introduction to representation theory},
  author={Etingof, Pavel I and Golberg, Oleg and Hensel, Sebastian and Liu, Tiankai and Schwendner, Alex and Vaintrob, Dmitry and Yudovina, Elena},
  volume={59},
  year={2011},
  publisher={American Mathematical Soc.}
},

@book{Knapp1996Lie,
  title={Lie groups beyond an introduction},
  author={Knapp, Anthony W and Knapp, Anthony William},
  volume={140},
  year={1996},
  publisher={Springer}
},

@book{Kac1990infinite,
  title={Infinite-dimensional Lie algebras},
  author={Kac, Victor G},
  year={1990},
  publisher={Cambridge university press}
},

@book{Varadarajan1984Lie,
  title={Lie groups, Lie algebras, and their representations},
  author={Varadarajan, Veeravalli S},
  year={1984},
  publisher={Springer}
},

@misc{Goodman2014algebra,
  title={Algebra: Abstract and Concrete, edition 2.6},
  author={Goodman, Frederick},
  year={2014},
  note={Available at \url{https://homepage.divms.uiowa.edu/~goodman/algebrabook.dir/download.htm}}
}